@ARTICLE{598228,
author={P. N. Belhumeur and J. P. Hespanha and D. J. Kriegman},
journal={IEEE Transactions on Pattern Analysis and Machine Intelligence},
title={Eigenfaces vs. Fisherfaces: recognition using class specific linear projection},
year={1997},
volume={19},
number={7},
pages={711-720},
keywords={face recognition;pattern classification;3D linear subspace;Fisherfaces;Lambertian surface;class specific linear projection;computational requirements;eigenfaces;face recognition;facial expression insensitivity;high-dimensional space;lighting direction insensitivity;linear discriminant;linear projection;low-dimensional subspace;pattern classification;Error analysis;Face detection;Face recognition;Light scattering;Light sources;Lighting;Pattern classification;Pixel;Principal component analysis;Shadow mapping},
doi={10.1109/34.598228},
ISSN={0162-8828},
month={Jul},}

@ARTICLE{598227,
author={B. Moghaddam and A. Pentland},
journal={IEEE Transactions on Pattern Analysis and Machine Intelligence},
title={Probabilistic visual learning for object representation},
year={1997},
volume={19},
number={7},
pages={696-710},
keywords={Gaussian distribution;image coding;image recognition;maximum likelihood estimation;object recognition;probability;unsupervised learning;density estimation;eigenspace decomposition;high-dimensional spaces;human faces;human hands;maximum-likelihood estimation framework;mixture-of-Gaussians model;multivariate Gaussian model;nonrigid objects;object coding;object recognition;object representation;probabilistic visual learning;probability densities;target detection;unsupervised technique;visual search;Face detection;Humans;Image recognition;Maximum likelihood detection;Maximum likelihood estimation;Object detection;Object recognition;Probability distribution;Target recognition;Training data},
doi={10.1109/34.598227},
ISSN={0162-8828},
month={Jul},}

@article{scholkopf1998nonlinear,
  title={Nonlinear component analysis as a kernel eigenvalue problem},
  author={Sch{\"o}lkopf, Bernhard and Smola, Alexander and M{\"u}ller, Klaus-Robert},
  journal={Neural computation},
  volume={10},
  number={5},
  pages={1299--1319},
  year={1998},
  publisher={MIT Press}
}

@article{turk1991eigenfaces,
  title={Eigenfaces for recognition},
  author={Turk, Matthew and Pentland, Alex},
  journal={Journal of cognitive neuroscience},
  volume={3},
  number={1},
  pages={71--86},
  year={1991},
  publisher={MIT Press}
}

@inproceedings{viola2001rapid,
  title={Rapid object detection using a boosted cascade of simple features},
  author={Viola, Paul and Jones, Michael},
  booktitle={Computer Vision and Pattern Recognition, 2001. CVPR 2001. Proceedings of the 2001 IEEE Computer Society Conference on},
  volume={1},
  pages={I--511},
  year={2001},
  organization={IEEE}
}

@incollection{vasilescu2002multilinear,
  title={Multilinear analysis of image ensembles: Tensorfaces},
  author={Vasilescu, M Alex O and Terzopoulos, Demetri},
  booktitle={Computer Visionâ€”ECCV 2002},
  pages={447--460},
  year={2002},
  publisher={Springer}
}
